<?xml version="1.0" encoding="UTF-8"?><record xmlns="http://www.loc.gov/MARC21/slim" xmlns:cinclude="http://apache.org/cocoon/include/1.0" xmlns:zs="http://www.loc.gov/zing/srw/">
  <leader>00465cz  a2200133n  4500</leader>
  <controlfield tag="001">n  82023580 </controlfield>
  <controlfield tag="003">DLC</controlfield>
  <controlfield tag="005">20090107081230.0</controlfield>
  <controlfield tag="008">820226n| acannaabn          |n aaa     c</controlfield>
  <datafield tag="010" ind1=" " ind2=" ">
    <subfield code="a">n  82023580 </subfield>
  </datafield>
  <datafield tag="035" ind1=" " ind2=" ">
    <subfield code="a">(OCoLC)oca00720763</subfield>
  </datafield>
  <datafield tag="040" ind1=" " ind2=" ">
    <subfield code="a">IEN</subfield>
    <subfield code="b">eng</subfield>
    <subfield code="c">DLC</subfield>
    <subfield code="d">OCoLC</subfield>
  </datafield>
  <datafield tag="100" ind1="1" ind2=" ">
    <subfield code="a">Farrow, John Edwin</subfield>
  </datafield>
  <datafield tag="670" ind1=" " ind2=" ">
    <subfield code="a">His Alternative housing policies for Ghanaian cities, 1975:</subfield>
    <subfield code="b">t.p. (John Edwin Farrow, B.Sc., Trinity Univ.; M.Sc. in community &amp; regional planning, Univ. of Texas)</subfield>
  </datafield>
</record>